@article{matlabfish,
  title={Self-similar community structure in a network of human interactions},
  author={Guimera, Roger and Danon, Leon and Diaz-Guilera, Albert and Giralt, Francesc and Arenas, Alex},
  journal={Physical review E},
  volume={68},
  number={6},
  pages={065103},
  year={2003},
  publisher={APS}
}
@article{javafish,
  title={Collective dynamics of ‘small-world’networks},
  author={Watts, Duncan J and Strogatz, Steven H},
  journal={nature},
  volume={393},
  number={6684},
  pages={440--442},
  year={1998},
  publisher={Nature Publishing Group}
}
@article{protein,
  title={Lethality and centrality in protein networks},
  author={Jeong, Hawoong and Mason, Sean P and Barab{\'a}si, A-L and Oltvai, Zoltan N},
  journal={Nature},
  volume={411},
  number={6833},
  pages={41--42},
  year={2001},
  publisher={Nature Publishing Group}
}

